@book{pg,
  title={Gravitation: foundations and frontiers},
  author={Padmanabhan, Thanu},
  year={2010},
  publisher={Cambridge University Press}
}
@book{ll2,
  title={The classical theory of fields},
  author={Landau, Lev Davidovich},
  volume={2},
  year={2008},
  publisher={Elsevier}
}
