@book{beiser2003concepts,
  title={Concepts of modern physics},
  author={Beiser, Arthur},
  year={2003},
  publisher={Tata McGraw-Hill Education}
}
