@book{beiser2003concepts,
  title={Concepts of modern physics},
  author={Beiser, Arthur},
  year={2003},
  publisher={Tata McGraw-Hill Education}
}
@article{einstein1905electrodynamics,
  title={On the electrodynamics of moving bodies},
  author={Einstein, Albert},
  journal={Annalen der physik},
  volume={17},
  number={10},
  pages={891--921},
  year={1905}
}
@book{panofsky2005classical,
  title={Classical electricity and magnetism},
  author={Panofsky, Wolfgang KH and Phillips, Melba},
  year={2005},
  publisher={Courier Corporation}
}
@inproceedings{penrose1959apparent,
  title={The apparent shape of a relativistically moving sphere},
  author={Penrose, Roger},
  booktitle={Mathematical Proceedings of the Cambridge Philosophical Society},
  volume={55},
  number={1},
  pages={137--139},
  year={1959},
  organization={Cambridge University Press}
}
@misc{weiss1995,
  title = {{Can You See the Lorentz–Fitzgerald Contraction?  Or: Penrose–
Terrell Rotation}},
  author={Weiss, Michael},
  howpublished = {\url{https://math.ucr.edu/home/baez/physics/Relativity/SR/penrose.html}},
  note = {Accessed: 2021-07-28}
}
@article{planck1901law,
  title={On the law of distribution of energy in the normal spectrum},
  author={Planck, Max},
  journal={Annalen der physik},
  volume={4},
  number={553},
  pages={1},
  year={1901}
}
@article{chang2017physical,
  title={Physical interpretation of Planck’s constant based on the Maxwell theory},
  author={Chang, Donald C},
  journal={Chinese Physics B},
  volume={26},
  number={4},
  pages={040301},
  year={2017},
  publisher={IOP Publishing}
}
@book{planck2012eight,
  title={Eight lectures on theoretical physics},
  author={Planck, Max},
  year={2012},
  publisher={Courier Corporation}
}
@article{einstein1905heuristic,
  title={On a heuristic point of view concerning the production and transformation of light},
  author={Einstein, Albert},
  journal={Annalen der Physik},
  volume={17},
  number={132},
  pages={1--16},
  year={1905},
  howpublished = {\url{https://einsteinpapers.press.princeton.edu/vol2-trans/113}}
}
@article{lamb1995anti,
  title={Anti-photon},
  author={Lamb, Willis E},
  journal={Applied Physics B},
  volume={60},
  number={2},
  pages={77--84},
  year={1995},
  publisher={Springer}
}
@article{roychoudhurioptics,
  title={Optics and Photonics News, October 2003},
  author={Roychoudhuri, C and Roy, R},
  journal={The Nature of Light: What is a Photon}
}
@article{geiger1908scattering,
  title={On the Scattering of the $\alpha$-Particles by Matter},
  author={Geiger, Hans},
  journal={Proceedings of the Royal Society of London. Series A, Containing Papers of a Mathematical and Physical Character},
  volume={81},
  number={546},
  pages={174--177},
  year={1908},
  publisher={The Royal Society London}
}
@article{gegier1909diffuse,
  title={On a diffuse reflection of the $\alpha$-particles},
  author={Gegier, H and Marsden, Ernest},
  journal={Proceedings of the Royal Society of London. Series A, Containing Papers of a Mathematical and Physical Character},
  volume={82},
  number={557},
  pages={495--500},
  year={1909},
  publisher={The Royal Society London}
}
@article{geiger1910scattering,
  title={The scattering of $\alpha$-particles by matter},
  author={Geiger, Hans},
  journal={Proceedings of the Royal Society of London. Series A, Containing Papers of a Mathematical and Physical Character},
  volume={83},
  number={565},
  pages={492--504},
  year={1910},
  publisher={The Royal Society London}
}
@article{rutherform1911scattering,
author = { Professor   E.   Rutherford   F.R.S. },
title = {LXXIX. The scattering of $\alpha$ and $\beta$ particles by matter and the structure of the atom},
journal = {The London, Edinburgh, and Dublin Philosophical Magazine and Journal of Science},
volume = {21},
number = {125},
pages = {669-688},
year  = {1911},
publisher = {Taylor & Francis},
doi = {10.1080/14786440508637080},
URL = {https://doi.org/10.1080/14786440508637080},
eprint = {https://doi.org/10.1080/14786440508637080}
}
@article{geiger1913lxi,
  title={LXI. The laws of deflexion of a particles through large angles},
  author={Geiger, Hans and Marsden, Ernest},
  journal={The London, Edinburgh, and Dublin Philosophical Magazine and Journal of Science},
  volume={25},
  number={148},
  pages={604--623},
  year={1913},
  publisher={Taylor \& Francis}
}
@book{reitz2009foundations,
  title={Foundations of electromagnetic theory},
  author={Reitz, John R},
  year={2009},
  publisher={Pearson Education India}
}
